%YAML 1.1
%TAG !u! tag:unity3d.com,2011:
--- !u!1 &3720412807169051681
GameObject:
  m_ObjectHideFlags: 0
  m_CorrespondingSourceObject: {fileID: 0}
  m_PrefabInstance: {fileID: 0}
  m_PrefabAsset: {fileID: 0}
  serializedVersion: 6
  m_Component:
  - component: {fileID: 3720412807169051694}
  m_Layer: 5
  m_Name: Sliding Area
  m_TagString: Untagged
  m_Icon: {fileID: 0}
  m_NavMeshLayer: 0
  m_StaticEditorFlags: 0
  m_IsActive: 1
--- !u!224 &3720412807169051694
RectTransform:
  m_ObjectHideFlags: 0
  m_CorrespondingSourceObject: {fileID: 0}
  m_PrefabInstance: {fileID: 0}
  m_PrefabAsset: {fileID: 0}
  m_GameObject: {fileID: 3720412807169051681}
  m_LocalRotation: {x: 0, y: 0, z: 0, w: 1}
  m_LocalPosition: {x: 0, y: 0, z: 0}
  m_LocalScale: {x: 1, y: 1, z: 1}
  m_Children:
  - {fileID: 3720412807315012458}
  m_Father: {fileID: 3720412808293653408}
  m_RootOrder: 0
  m_LocalEulerAnglesHint: {x: 0, y: 0, z: 0}
  m_AnchorMin: {x: 0, y: 0}
  m_AnchorMax: {x: 1, y: 1}
  m_AnchoredPosition: {x: 0, y: 0}
  m_SizeDelta: {x: 0, y: 0}
  m_Pivot: {x: 0.5, y: 0.5}
--- !u!1 &3720412807304383297
GameObject:
  m_ObjectHideFlags: 0
  m_CorrespondingSourceObject: {fileID: 0}
  m_PrefabInstance: {fileID: 0}
  m_PrefabAsset: {fileID: 0}
  serializedVersion: 6
  m_Component:
  - component: {fileID: 3720412807304383310}
  - component: {fileID: 3720412807304383311}
  m_Layer: 5
  m_Name: Viewport
  m_TagString: Untagged
  m_Icon: {fileID: 0}
  m_NavMeshLayer: 0
  m_StaticEditorFlags: 0
  m_IsActive: 1
--- !u!224 &3720412807304383310
RectTransform:
  m_ObjectHideFlags: 0
  m_CorrespondingSourceObject: {fileID: 0}
  m_PrefabInstance: {fileID: 0}
  m_PrefabAsset: {fileID: 0}
  m_GameObject: {fileID: 3720412807304383297}
  m_LocalRotation: {x: 0, y: 0, z: 0, w: 1}
  m_LocalPosition: {x: 0, y: 0, z: 0}
  m_LocalScale: {x: 1, y: 1, z: 1}
  m_Children:
  - {fileID: 3720412807559183877}
  m_Father: {fileID: 3720412808975833759}
  m_RootOrder: 0
  m_LocalEulerAnglesHint: {x: 0, y: 0, z: 0}
  m_AnchorMin: {x: 0, y: 0}
  m_AnchorMax: {x: 0, y: 0}
  m_AnchoredPosition: {x: 0, y: 0}
  m_SizeDelta: {x: 0, y: 0}
  m_Pivot: {x: 0, y: 1}
--- !u!114 &3720412807304383311
MonoBehaviour:
  m_ObjectHideFlags: 0
  m_CorrespondingSourceObject: {fileID: 0}
  m_PrefabInstance: {fileID: 0}
  m_PrefabAsset: {fileID: 0}
  m_GameObject: {fileID: 3720412807304383297}
  m_Enabled: 1
  m_EditorHideFlags: 0
  m_Script: {fileID: -146154839, guid: f70555f144d8491a825f0804e09c671c, type: 3}
  m_Name: 
  m_EditorClassIdentifier: 
--- !u!1 &3720412807315012461
GameObject:
  m_ObjectHideFlags: 0
  m_CorrespondingSourceObject: {fileID: 0}
  m_PrefabInstance: {fileID: 0}
  m_PrefabAsset: {fileID: 0}
  serializedVersion: 6
  m_Component:
  - component: {fileID: 3720412807315012458}
  - component: {fileID: 3720412807315012456}
  - component: {fileID: 3720412807315012459}
  m_Layer: 5
  m_Name: Handle
  m_TagString: Untagged
  m_Icon: {fileID: 0}
  m_NavMeshLayer: 0
  m_StaticEditorFlags: 0
  m_IsActive: 1
--- !u!224 &3720412807315012458
RectTransform:
  m_ObjectHideFlags: 0
  m_CorrespondingSourceObject: {fileID: 0}
  m_PrefabInstance: {fileID: 0}
  m_PrefabAsset: {fileID: 0}
  m_GameObject: {fileID: 3720412807315012461}
  m_LocalRotation: {x: 0, y: 0, z: 0, w: 1}
  m_LocalPosition: {x: 0, y: 0, z: 0}
  m_LocalScale: {x: 1, y: 1, z: 1}
  m_Children: []
  m_Father: {fileID: 3720412807169051694}
  m_RootOrder: 0
  m_LocalEulerAnglesHint: {x: 0, y: 0, z: 0}
  m_AnchorMin: {x: 0, y: 0}
  m_AnchorMax: {x: 0, y: 0}
  m_AnchoredPosition: {x: 0, y: 0}
  m_SizeDelta: {x: 0, y: 0}
  m_Pivot: {x: 0.5, y: 0.5}
--- !u!222 &3720412807315012456
CanvasRenderer:
  m_ObjectHideFlags: 0
  m_CorrespondingSourceObject: {fileID: 0}
  m_PrefabInstance: {fileID: 0}
  m_PrefabAsset: {fileID: 0}
  m_GameObject: {fileID: 3720412807315012461}
  m_CullTransparentMesh: 0
--- !u!114 &3720412807315012459
MonoBehaviour:
  m_ObjectHideFlags: 0
  m_CorrespondingSourceObject: {fileID: 0}
  m_PrefabInstance: {fileID: 0}
  m_PrefabAsset: {fileID: 0}
  m_GameObject: {fileID: 3720412807315012461}
  m_Enabled: 1
  m_EditorHideFlags: 0
  m_Script: {fileID: -765806418, guid: f70555f144d8491a825f0804e09c671c, type: 3}
  m_Name: 
  m_EditorClassIdentifier: 
  m_Material: {fileID: 0}
  m_Color: {r: 0.29803923, g: 0.29803923, b: 0.29803923, a: 1}
  m_RaycastTarget: 1
  m_OnCullStateChanged:
    m_PersistentCalls:
      m_Calls: []
    m_TypeName: UnityEngine.UI.MaskableGraphic+CullStateChangedEvent, UnityEngine.UI,
      Version=1.0.0.0, Culture=neutral, PublicKeyToken=null
  m_Sprite: {fileID: 21300000, guid: 6bf6dc0124ff6114f9b9a9ebd996bf4b, type: 3}
  m_Type: 1
  m_PreserveAspect: 0
  m_FillCenter: 1
  m_FillMethod: 4
  m_FillAmount: 1
  m_FillClockwise: 1
  m_FillOrigin: 0
  m_UseSpriteMesh: 0
--- !u!1 &3720412807323368156
GameObject:
  m_ObjectHideFlags: 0
  m_CorrespondingSourceObject: {fileID: 0}
  m_PrefabInstance: {fileID: 0}
  m_PrefabAsset: {fileID: 0}
  serializedVersion: 6
  m_Component:
  - component: {fileID: 3720412807323368157}
  - component: {fileID: 3720412807323368152}
  - component: {fileID: 3720412807323368155}
  - component: {fileID: 3720412807323368154}
  m_Layer: 5
  m_Name: Components
  m_TagString: Untagged
  m_Icon: {fileID: 0}
  m_NavMeshLayer: 0
  m_StaticEditorFlags: 0
  m_IsActive: 1
--- !u!224 &3720412807323368157
RectTransform:
  m_ObjectHideFlags: 0
  m_CorrespondingSourceObject: {fileID: 0}
  m_PrefabInstance: {fileID: 0}
  m_PrefabAsset: {fileID: 0}
  m_GameObject: {fileID: 3720412807323368156}
  m_LocalRotation: {x: -0, y: -0, z: -0, w: 1}
  m_LocalPosition: {x: 0, y: 0, z: 0}
  m_LocalScale: {x: 1, y: 1, z: 1}
  m_Children:
  - {fileID: 4108867130314982671}
  - {fileID: 1418858889195098584}
  m_Father: {fileID: 3720412807559183877}
  m_RootOrder: 0
  m_LocalEulerAnglesHint: {x: 0, y: 0, z: 0}
  m_AnchorMin: {x: 0, y: 0}
  m_AnchorMax: {x: 0, y: 0}
  m_AnchoredPosition: {x: 0, y: 0}
  m_SizeDelta: {x: 0, y: 0}
  m_Pivot: {x: 0.5, y: 0.5}
--- !u!114 &3720412807323368152
MonoBehaviour:
  m_ObjectHideFlags: 0
  m_CorrespondingSourceObject: {fileID: 0}
  m_PrefabInstance: {fileID: 0}
  m_PrefabAsset: {fileID: 0}
  m_GameObject: {fileID: 3720412807323368156}
  m_Enabled: 1
  m_EditorHideFlags: 0
  m_Script: {fileID: 1297475563, guid: f70555f144d8491a825f0804e09c671c, type: 3}
  m_Name: 
  m_EditorClassIdentifier: 
  m_Padding:
    m_Left: 5
    m_Right: 5
    m_Top: 0
    m_Bottom: 0
  m_ChildAlignment: 0
  m_Spacing: 20
  m_ChildForceExpandWidth: 1
  m_ChildForceExpandHeight: 1
  m_ChildControlWidth: 1
  m_ChildControlHeight: 0
--- !u!222 &3720412807323368155
CanvasRenderer:
  m_ObjectHideFlags: 0
  m_CorrespondingSourceObject: {fileID: 0}
  m_PrefabInstance: {fileID: 0}
  m_PrefabAsset: {fileID: 0}
  m_GameObject: {fileID: 3720412807323368156}
  m_CullTransparentMesh: 0
--- !u!114 &3720412807323368154
MonoBehaviour:
  m_ObjectHideFlags: 0
  m_CorrespondingSourceObject: {fileID: 0}
  m_PrefabInstance: {fileID: 0}
  m_PrefabAsset: {fileID: 0}
  m_GameObject: {fileID: 3720412807323368156}
  m_Enabled: 1
  m_EditorHideFlags: 0
  m_Script: {fileID: -765806418, guid: f70555f144d8491a825f0804e09c671c, type: 3}
  m_Name: 
  m_EditorClassIdentifier: 
  m_Material: {fileID: 0}
  m_Color: {r: 1, g: 1, b: 1, a: 0}
  m_RaycastTarget: 1
  m_OnCullStateChanged:
    m_PersistentCalls:
      m_Calls: []
    m_TypeName: UnityEngine.UI.MaskableGraphic+CullStateChangedEvent, UnityEngine.UI,
      Version=1.0.0.0, Culture=neutral, PublicKeyToken=null
  m_Sprite: {fileID: 0}
  m_Type: 0
  m_PreserveAspect: 0
  m_FillCenter: 1
  m_FillMethod: 4
  m_FillAmount: 1
  m_FillClockwise: 1
  m_FillOrigin: 0
  m_UseSpriteMesh: 0
--- !u!1 &3720412807339346886
GameObject:
  m_ObjectHideFlags: 0
  m_CorrespondingSourceObject: {fileID: 0}
  m_PrefabInstance: {fileID: 0}
  m_PrefabAsset: {fileID: 0}
  serializedVersion: 6
  m_Component:
  - component: {fileID: 3720412807339346887}
  - component: {fileID: 3720412807339346885}
  - component: {fileID: 3720412807339346884}
  m_Layer: 5
  m_Name: InfoBlock
  m_TagString: Untagged
  m_Icon: {fileID: 0}
  m_NavMeshLayer: 0
  m_StaticEditorFlags: 0
  m_IsActive: 1
--- !u!224 &3720412807339346887
RectTransform:
  m_ObjectHideFlags: 0
  m_CorrespondingSourceObject: {fileID: 0}
  m_PrefabInstance: {fileID: 0}
  m_PrefabAsset: {fileID: 0}
  m_GameObject: {fileID: 3720412807339346886}
  m_LocalRotation: {x: -0, y: -0, z: -0, w: 1}
  m_LocalPosition: {x: 0, y: 0, z: 0}
  m_LocalScale: {x: 1, y: 1, z: 1}
  m_Children:
  - {fileID: 3720412808975833759}
  - {fileID: 3720412808502795842}
  m_Father: {fileID: 3720412808629626872}
  m_RootOrder: 0
  m_LocalEulerAnglesHint: {x: 0, y: 0, z: 0}
  m_AnchorMin: {x: 1, y: 0}
  m_AnchorMax: {x: 1, y: 1}
  m_AnchoredPosition: {x: -740, y: -175}
  m_SizeDelta: {x: 400, y: -350}
  m_Pivot: {x: 0, y: 1}
--- !u!222 &3720412807339346885
CanvasRenderer:
  m_ObjectHideFlags: 0
  m_CorrespondingSourceObject: {fileID: 0}
  m_PrefabInstance: {fileID: 0}
  m_PrefabAsset: {fileID: 0}
  m_GameObject: {fileID: 3720412807339346886}
  m_CullTransparentMesh: 0
--- !u!114 &3720412807339346884
MonoBehaviour:
  m_ObjectHideFlags: 0
  m_CorrespondingSourceObject: {fileID: 0}
  m_PrefabInstance: {fileID: 0}
  m_PrefabAsset: {fileID: 0}
  m_GameObject: {fileID: 3720412807339346886}
  m_Enabled: 1
  m_EditorHideFlags: 0
  m_Script: {fileID: -765806418, guid: f70555f144d8491a825f0804e09c671c, type: 3}
  m_Name: 
  m_EditorClassIdentifier: 
  m_Material: {fileID: 0}
  m_Color: {r: 0.21960786, g: 0.21960786, b: 0.21960786, a: 1}
  m_RaycastTarget: 1
  m_OnCullStateChanged:
    m_PersistentCalls:
      m_Calls: []
    m_TypeName: UnityEngine.UI.MaskableGraphic+CullStateChangedEvent, UnityEngine.UI,
      Version=1.0.0.0, Culture=neutral, PublicKeyToken=null
  m_Sprite: {fileID: 0}
  m_Type: 0
  m_PreserveAspect: 0
  m_FillCenter: 1
  m_FillMethod: 4
  m_FillAmount: 1
  m_FillClockwise: 1
  m_FillOrigin: 0
  m_UseSpriteMesh: 0
--- !u!1 &3720412807559183876
GameObject:
  m_ObjectHideFlags: 0
  m_CorrespondingSourceObject: {fileID: 0}
  m_PrefabInstance: {fileID: 0}
  m_PrefabAsset: {fileID: 0}
  serializedVersion: 6
  m_Component:
  - component: {fileID: 3720412807559183877}
  - component: {fileID: 3720412807559183875}
  - component: {fileID: 3720412807559183874}
  m_Layer: 5
  m_Name: Content
  m_TagString: Untagged
  m_Icon: {fileID: 0}
  m_NavMeshLayer: 0
  m_StaticEditorFlags: 0
  m_IsActive: 1
--- !u!224 &3720412807559183877
RectTransform:
  m_ObjectHideFlags: 0
  m_CorrespondingSourceObject: {fileID: 0}
  m_PrefabInstance: {fileID: 0}
  m_PrefabAsset: {fileID: 0}
  m_GameObject: {fileID: 3720412807559183876}
  m_LocalRotation: {x: 0, y: 0, z: 0, w: 1}
  m_LocalPosition: {x: 0, y: 0, z: 0}
  m_LocalScale: {x: 1, y: 1, z: 1}
  m_Children:
  - {fileID: 3720412807323368157}
  m_Father: {fileID: 3720412807304383310}
  m_RootOrder: 0
  m_LocalEulerAnglesHint: {x: 0, y: 0, z: 0}
  m_AnchorMin: {x: 0, y: 1}
  m_AnchorMax: {x: 1, y: 1}
  m_AnchoredPosition: {x: 0, y: 0}
  m_SizeDelta: {x: 0, y: 0}
  m_Pivot: {x: 0, y: 1}
--- !u!114 &3720412807559183875
MonoBehaviour:
  m_ObjectHideFlags: 0
  m_CorrespondingSourceObject: {fileID: 0}
  m_PrefabInstance: {fileID: 0}
  m_PrefabAsset: {fileID: 0}
  m_GameObject: {fileID: 3720412807559183876}
  m_Enabled: 1
  m_EditorHideFlags: 0
  m_Script: {fileID: 1297475563, guid: f70555f144d8491a825f0804e09c671c, type: 3}
  m_Name: 
  m_EditorClassIdentifier: 
  m_Padding:
    m_Left: 10
    m_Right: 10
    m_Top: 0
    m_Bottom: 10
  m_ChildAlignment: 0
  m_Spacing: 0
  m_ChildForceExpandWidth: 1
  m_ChildForceExpandHeight: 0
  m_ChildControlWidth: 1
  m_ChildControlHeight: 1
--- !u!114 &3720412807559183874
MonoBehaviour:
  m_ObjectHideFlags: 0
  m_CorrespondingSourceObject: {fileID: 0}
  m_PrefabInstance: {fileID: 0}
  m_PrefabAsset: {fileID: 0}
  m_GameObject: {fileID: 3720412807559183876}
  m_Enabled: 1
  m_EditorHideFlags: 0
  m_Script: {fileID: 1741964061, guid: f70555f144d8491a825f0804e09c671c, type: 3}
  m_Name: 
  m_EditorClassIdentifier: 
  m_HorizontalFit: 0
  m_VerticalFit: 2
--- !u!1 &3720412808250701824
GameObject:
  m_ObjectHideFlags: 0
  m_CorrespondingSourceObject: {fileID: 0}
  m_PrefabInstance: {fileID: 0}
  m_PrefabAsset: {fileID: 0}
  serializedVersion: 6
  m_Component:
  - component: {fileID: 3720412808250701825}
  - component: {fileID: 3720412808250701839}
  - component: {fileID: 3720412808250701838}
  m_Layer: 5
  m_Name: Header_Text
  m_TagString: Untagged
  m_Icon: {fileID: 0}
  m_NavMeshLayer: 0
  m_StaticEditorFlags: 0
  m_IsActive: 1
--- !u!224 &3720412808250701825
RectTransform:
  m_ObjectHideFlags: 0
  m_CorrespondingSourceObject: {fileID: 0}
  m_PrefabInstance: {fileID: 0}
  m_PrefabAsset: {fileID: 0}
  m_GameObject: {fileID: 3720412808250701824}
  m_LocalRotation: {x: -0, y: -0, z: -0, w: 1}
  m_LocalPosition: {x: 0, y: 0, z: 0}
  m_LocalScale: {x: 1, y: 1, z: 1}
  m_Children: []
  m_Father: {fileID: 3720412808502795842}
  m_RootOrder: 0
  m_LocalEulerAnglesHint: {x: 0, y: 0, z: 0}
  m_AnchorMin: {x: 0, y: 0.5}
  m_AnchorMax: {x: 1, y: 0.5}
  m_AnchoredPosition: {x: 2.5, y: 0}
  m_SizeDelta: {x: -15, y: 30}
  m_Pivot: {x: 0.5, y: 0.5}
--- !u!222 &3720412808250701839
CanvasRenderer:
  m_ObjectHideFlags: 0
  m_CorrespondingSourceObject: {fileID: 0}
  m_PrefabInstance: {fileID: 0}
  m_PrefabAsset: {fileID: 0}
  m_GameObject: {fileID: 3720412808250701824}
  m_CullTransparentMesh: 0
--- !u!114 &3720412808250701838
MonoBehaviour:
  m_ObjectHideFlags: 0
  m_CorrespondingSourceObject: {fileID: 0}
  m_PrefabInstance: {fileID: 0}
  m_PrefabAsset: {fileID: 0}
  m_GameObject: {fileID: 3720412808250701824}
  m_Enabled: 1
  m_EditorHideFlags: 0
  m_Script: {fileID: 708705254, guid: f70555f144d8491a825f0804e09c671c, type: 3}
  m_Name: 
  m_EditorClassIdentifier: 
  m_Material: {fileID: 0}
  m_Color: {r: 0.19607843, g: 0.19607843, b: 0.19607843, a: 1}
  m_RaycastTarget: 1
  m_OnCullStateChanged:
    m_PersistentCalls:
      m_Calls: []
    m_TypeName: UnityEngine.UI.MaskableGraphic+CullStateChangedEvent, UnityEngine.UI,
      Version=1.0.0.0, Culture=neutral, PublicKeyToken=null
  m_FontData:
    m_Font: {fileID: 10102, guid: 0000000000000000e000000000000000, type: 0}
    m_FontSize: 14
    m_FontStyle: 1
    m_BestFit: 1
    m_MinSize: 10
    m_MaxSize: 40
    m_Alignment: 3
    m_AlignByGeometry: 0
    m_RichText: 1
    m_HorizontalOverflow: 0
    m_VerticalOverflow: 0
    m_LineSpacing: 1
  m_Text: '{HEADER_TITLE_NAME}'
--- !u!1 &3720412808293653411
GameObject:
  m_ObjectHideFlags: 0
  m_CorrespondingSourceObject: {fileID: 0}
  m_PrefabInstance: {fileID: 0}
  m_PrefabAsset: {fileID: 0}
  serializedVersion: 6
  m_Component:
  - component: {fileID: 3720412808293653408}
  - component: {fileID: 3720412808293653409}
  m_Layer: 5
  m_Name: Scrollbar Vertical
  m_TagString: Untagged
  m_Icon: {fileID: 0}
  m_NavMeshLayer: 0
  m_StaticEditorFlags: 0
  m_IsActive: 1
--- !u!224 &3720412808293653408
RectTransform:
  m_ObjectHideFlags: 0
  m_CorrespondingSourceObject: {fileID: 0}
  m_PrefabInstance: {fileID: 0}
  m_PrefabAsset: {fileID: 0}
  m_GameObject: {fileID: 3720412808293653411}
  m_LocalRotation: {x: -0, y: -0, z: -0, w: 1}
  m_LocalPosition: {x: 0, y: 0, z: 0}
  m_LocalScale: {x: 1, y: 1, z: 1}
  m_Children:
  - {fileID: 3720412807169051694}
  m_Father: {fileID: 3720412808975833759}
  m_RootOrder: 1
  m_LocalEulerAnglesHint: {x: 0, y: 0, z: 0}
  m_AnchorMin: {x: 1, y: 0}
  m_AnchorMax: {x: 1, y: 1}
  m_AnchoredPosition: {x: 0, y: 0}
  m_SizeDelta: {x: 10, y: 0}
  m_Pivot: {x: 1, y: 1}
--- !u!114 &3720412808293653409
MonoBehaviour:
  m_ObjectHideFlags: 0
  m_CorrespondingSourceObject: {fileID: 0}
  m_PrefabInstance: {fileID: 0}
  m_PrefabAsset: {fileID: 0}
  m_GameObject: {fileID: 3720412808293653411}
  m_Enabled: 1
  m_EditorHideFlags: 0
  m_Script: {fileID: -2061169968, guid: f70555f144d8491a825f0804e09c671c, type: 3}
  m_Name: 
  m_EditorClassIdentifier: 
  m_Navigation:
    m_Mode: 3
    m_SelectOnUp: {fileID: 0}
    m_SelectOnDown: {fileID: 0}
    m_SelectOnLeft: {fileID: 0}
    m_SelectOnRight: {fileID: 0}
  m_Transition: 0
  m_Colors:
    m_NormalColor: {r: 1, g: 1, b: 1, a: 1}
    m_HighlightedColor: {r: 0.9607843, g: 0.9607843, b: 0.9607843, a: 1}
    m_PressedColor: {r: 0.78431374, g: 0.78431374, b: 0.78431374, a: 1}
    m_DisabledColor: {r: 0.78431374, g: 0.78431374, b: 0.78431374, a: 0.5019608}
    m_ColorMultiplier: 1
    m_FadeDuration: 0.1
  m_SpriteState:
    m_HighlightedSprite: {fileID: 0}
    m_PressedSprite: {fileID: 0}
    m_DisabledSprite: {fileID: 0}
  m_AnimationTriggers:
    m_NormalTrigger: Normal
    m_HighlightedTrigger: Highlighted
    m_PressedTrigger: Pressed
    m_DisabledTrigger: Disabled
  m_Interactable: 1
  m_TargetGraphic: {fileID: 3720412807315012459}
  m_HandleRect: {fileID: 3720412807315012458}
  m_Direction: 2
  m_Value: 0
  m_Size: 1
  m_NumberOfSteps: 0
  m_OnValueChanged:
    m_PersistentCalls:
      m_Calls: []
    m_TypeName: UnityEngine.UI.Scrollbar+ScrollEvent, UnityEngine.UI, Version=1.0.0.0,
      Culture=neutral, PublicKeyToken=null
--- !u!1 &3720412808502795845
GameObject:
  m_ObjectHideFlags: 0
  m_CorrespondingSourceObject: {fileID: 0}
  m_PrefabInstance: {fileID: 0}
  m_PrefabAsset: {fileID: 0}
  serializedVersion: 6
  m_Component:
  - component: {fileID: 3720412808502795842}
  - component: {fileID: 3720412808502795841}
  - component: {fileID: 3720412808502795840}
  - component: {fileID: 3720412808502795843}
  m_Layer: 5
  m_Name: Header
  m_TagString: Untagged
  m_Icon: {fileID: 0}
  m_NavMeshLayer: 0
  m_StaticEditorFlags: 0
  m_IsActive: 1
--- !u!224 &3720412808502795842
RectTransform:
  m_ObjectHideFlags: 0
  m_CorrespondingSourceObject: {fileID: 0}
  m_PrefabInstance: {fileID: 0}
  m_PrefabAsset: {fileID: 0}
  m_GameObject: {fileID: 3720412808502795845}
  m_LocalRotation: {x: -0, y: -0, z: -0, w: 1}
  m_LocalPosition: {x: 0, y: 0, z: 0}
  m_LocalScale: {x: 1, y: 1, z: 1}
  m_Children:
  - {fileID: 3720412808250701825}
  m_Father: {fileID: 3720412807339346887}
  m_RootOrder: 1
  m_LocalEulerAnglesHint: {x: 0, y: 0, z: 0}
  m_AnchorMin: {x: 0, y: 1}
  m_AnchorMax: {x: 1, y: 1}
  m_AnchoredPosition: {x: 0, y: -10}
  m_SizeDelta: {x: -10, y: 50}
  m_Pivot: {x: 1, y: 1}
--- !u!222 &3720412808502795841
CanvasRenderer:
  m_ObjectHideFlags: 0
  m_CorrespondingSourceObject: {fileID: 0}
  m_PrefabInstance: {fileID: 0}
  m_PrefabAsset: {fileID: 0}
  m_GameObject: {fileID: 3720412808502795845}
  m_CullTransparentMesh: 0
--- !u!114 &3720412808502795840
MonoBehaviour:
  m_ObjectHideFlags: 0
  m_CorrespondingSourceObject: {fileID: 0}
  m_PrefabInstance: {fileID: 0}
  m_PrefabAsset: {fileID: 0}
  m_GameObject: {fileID: 3720412808502795845}
  m_Enabled: 1
  m_EditorHideFlags: 0
  m_Script: {fileID: -765806418, guid: f70555f144d8491a825f0804e09c671c, type: 3}
  m_Name: 
  m_EditorClassIdentifier: 
  m_Material: {fileID: 0}
  m_Color: {r: 0.39607847, g: 0.6313726, b: 0.97647065, a: 1}
  m_RaycastTarget: 1
  m_OnCullStateChanged:
    m_PersistentCalls:
      m_Calls: []
    m_TypeName: UnityEngine.UI.MaskableGraphic+CullStateChangedEvent, UnityEngine.UI,
      Version=1.0.0.0, Culture=neutral, PublicKeyToken=null
  m_Sprite: {fileID: 0}
  m_Type: 0
  m_PreserveAspect: 0
  m_FillCenter: 1
  m_FillMethod: 4
  m_FillAmount: 1
  m_FillClockwise: 1
  m_FillOrigin: 0
  m_UseSpriteMesh: 0
--- !u!114 &3720412808502795843
MonoBehaviour:
  m_ObjectHideFlags: 0
  m_CorrespondingSourceObject: {fileID: 0}
  m_PrefabInstance: {fileID: 0}
  m_PrefabAsset: {fileID: 0}
  m_GameObject: {fileID: 3720412808502795845}
  m_Enabled: 1
  m_EditorHideFlags: 0
  m_Script: {fileID: 1679637790, guid: f70555f144d8491a825f0804e09c671c, type: 3}
  m_Name: 
  m_EditorClassIdentifier: 
  m_IgnoreLayout: 1
  m_MinWidth: -1
  m_MinHeight: -1
  m_PreferredWidth: -1
  m_PreferredHeight: -1
  m_FlexibleWidth: 1
  m_FlexibleHeight: -1
  m_LayoutPriority: 1
--- !u!1 &3720412808629626875
GameObject:
  m_ObjectHideFlags: 0
  m_CorrespondingSourceObject: {fileID: 0}
  m_PrefabInstance: {fileID: 0}
  m_PrefabAsset: {fileID: 0}
  serializedVersion: 6
  m_Component:
  - component: {fileID: 3720412808629626872}
  - component: {fileID: 3720412808629626823}
  - component: {fileID: 3720412808629626822}
  - component: {fileID: 3720412808629626873}
  m_Layer: 5
  m_Name: SettingsToolPanel
  m_TagString: Untagged
  m_Icon: {fileID: 0}
  m_NavMeshLayer: 0
  m_StaticEditorFlags: 0
  m_IsActive: 1
--- !u!224 &3720412808629626872
RectTransform:
  m_ObjectHideFlags: 0
  m_CorrespondingSourceObject: {fileID: 0}
  m_PrefabInstance: {fileID: 0}
  m_PrefabAsset: {fileID: 0}
  m_GameObject: {fileID: 3720412808629626875}
  m_LocalRotation: {x: 0, y: 0, z: 0, w: 1}
  m_LocalPosition: {x: 0, y: 0, z: 0}
  m_LocalScale: {x: 0, y: 0, z: 0}
  m_Children:
  - {fileID: 3720412807339346887}
  m_Father: {fileID: 0}
  m_RootOrder: 0
  m_LocalEulerAnglesHint: {x: 0, y: 0, z: 0}
  m_AnchorMin: {x: 0, y: 0}
  m_AnchorMax: {x: 0, y: 0}
  m_AnchoredPosition: {x: 0, y: 0}
  m_SizeDelta: {x: 0, y: 0}
  m_Pivot: {x: 0, y: 0}
--- !u!223 &3720412808629626823
Canvas:
  m_ObjectHideFlags: 0
  m_CorrespondingSourceObject: {fileID: 0}
  m_PrefabInstance: {fileID: 0}
  m_PrefabAsset: {fileID: 0}
  m_GameObject: {fileID: 3720412808629626875}
  m_Enabled: 1
  serializedVersion: 3
  m_RenderMode: 0
  m_Camera: {fileID: 0}
  m_PlaneDistance: 100
  m_PixelPerfect: 0
  m_ReceivesEvents: 1
  m_OverrideSorting: 0
  m_OverridePixelPerfect: 0
  m_SortingBucketNormalizedSize: 0
  m_AdditionalShaderChannelsFlag: 0
  m_SortingLayerID: 0
  m_SortingOrder: 0
  m_TargetDisplay: 0
--- !u!114 &3720412808629626822
MonoBehaviour:
  m_ObjectHideFlags: 0
  m_CorrespondingSourceObject: {fileID: 0}
  m_PrefabInstance: {fileID: 0}
  m_PrefabAsset: {fileID: 0}
  m_GameObject: {fileID: 3720412808629626875}
  m_Enabled: 1
  m_EditorHideFlags: 0
  m_Script: {fileID: 1980459831, guid: f70555f144d8491a825f0804e09c671c, type: 3}
  m_Name: 
  m_EditorClassIdentifier: 
  m_UiScaleMode: 0
  m_ReferencePixelsPerUnit: 100
  m_ScaleFactor: 1
  m_ReferenceResolution: {x: 800, y: 600}
  m_ScreenMatchMode: 0
  m_MatchWidthOrHeight: 0
  m_PhysicalUnit: 3
  m_FallbackScreenDPI: 96
  m_DefaultSpriteDPI: 96
  m_DynamicPixelsPerUnit: 1
--- !u!114 &3720412808629626873
MonoBehaviour:
  m_ObjectHideFlags: 0
  m_CorrespondingSourceObject: {fileID: 0}
  m_PrefabInstance: {fileID: 0}
  m_PrefabAsset: {fileID: 0}
  m_GameObject: {fileID: 3720412808629626875}
  m_Enabled: 1
  m_EditorHideFlags: 0
  m_Script: {fileID: 1301386320, guid: f70555f144d8491a825f0804e09c671c, type: 3}
  m_Name: 
  m_EditorClassIdentifier: 
  m_IgnoreReversedGraphics: 1
  m_BlockingObjects: 0
  m_BlockingMask:
    serializedVersion: 2
    m_Bits: 4294967295
--- !u!1 &3720412808975833758
GameObject:
  m_ObjectHideFlags: 0
  m_CorrespondingSourceObject: {fileID: 0}
  m_PrefabInstance: {fileID: 0}
  m_PrefabAsset: {fileID: 0}
  serializedVersion: 6
  m_Component:
  - component: {fileID: 3720412808975833759}
  - component: {fileID: 3720412808975833757}
  - component: {fileID: 3720412808975833756}
  m_Layer: 5
  m_Name: Scroll
  m_TagString: Untagged
  m_Icon: {fileID: 0}
  m_NavMeshLayer: 0
  m_StaticEditorFlags: 0
  m_IsActive: 1
--- !u!224 &3720412808975833759
RectTransform:
  m_ObjectHideFlags: 0
  m_CorrespondingSourceObject: {fileID: 0}
  m_PrefabInstance: {fileID: 0}
  m_PrefabAsset: {fileID: 0}
  m_GameObject: {fileID: 3720412808975833758}
  m_LocalRotation: {x: -0, y: -0, z: -0, w: 1}
  m_LocalPosition: {x: 0, y: 0, z: 0}
  m_LocalScale: {x: 1, y: 1, z: 1}
  m_Children:
  - {fileID: 3720412807304383310}
  - {fileID: 3720412808293653408}
  m_Father: {fileID: 3720412807339346887}
  m_RootOrder: 0
  m_LocalEulerAnglesHint: {x: 0, y: 0, z: 0}
  m_AnchorMin: {x: 0, y: 0}
  m_AnchorMax: {x: 1, y: 1}
  m_AnchoredPosition: {x: 0, y: -35}
  m_SizeDelta: {x: 0, y: -70}
  m_Pivot: {x: 0.5, y: 0.5}
--- !u!114 &3720412808975833757
MonoBehaviour:
  m_ObjectHideFlags: 0
  m_CorrespondingSourceObject: {fileID: 0}
  m_PrefabInstance: {fileID: 0}
  m_PrefabAsset: {fileID: 0}
  m_GameObject: {fileID: 3720412808975833758}
  m_Enabled: 1
  m_EditorHideFlags: 0
  m_Script: {fileID: 1367256648, guid: f70555f144d8491a825f0804e09c671c, type: 3}
  m_Name: 
  m_EditorClassIdentifier: 
  m_Content: {fileID: 3720412807559183877}
  m_Horizontal: 0
  m_Vertical: 1
  m_MovementType: 2
  m_Elasticity: 0.1
  m_Inertia: 1
  m_DecelerationRate: 0.001
  m_ScrollSensitivity: 35
  m_Viewport: {fileID: 3720412807304383310}
  m_HorizontalScrollbar: {fileID: 0}
  m_VerticalScrollbar: {fileID: 3720412808293653409}
  m_HorizontalScrollbarVisibility: 2
  m_VerticalScrollbarVisibility: 2
  m_HorizontalScrollbarSpacing: -3
  m_VerticalScrollbarSpacing: -3
  m_OnValueChanged:
    m_PersistentCalls:
      m_Calls: []
    m_TypeName: UnityEngine.UI.ScrollRect+ScrollRectEvent, UnityEngine.UI, Version=1.0.0.0,
      Culture=neutral, PublicKeyToken=null
--- !u!222 &3720412808975833756
CanvasRenderer:
  m_ObjectHideFlags: 0
  m_CorrespondingSourceObject: {fileID: 0}
  m_PrefabInstance: {fileID: 0}
  m_PrefabAsset: {fileID: 0}
  m_GameObject: {fileID: 3720412808975833758}
  m_CullTransparentMesh: 0
--- !u!1001 &3720412807333196063
PrefabInstance:
  m_ObjectHideFlags: 0
  serializedVersion: 2
  m_Modification:
    m_TransformParent: {fileID: 3720412807323368157}
    m_Modifications:
    - target: {fileID: 7472160414295369332, guid: f0cc92733c60fa04a8ae7021b395eb27,
        type: 3}
      propertyPath: m_Name
      value: INFO
      objectReference: {fileID: 0}
    - target: {fileID: 766789918228526096, guid: f0cc92733c60fa04a8ae7021b395eb27,
        type: 3}
      propertyPath: m_LocalPosition.x
      value: 0
      objectReference: {fileID: 0}
    - target: {fileID: 766789918228526096, guid: f0cc92733c60fa04a8ae7021b395eb27,
        type: 3}
      propertyPath: m_LocalPosition.y
      value: 0
      objectReference: {fileID: 0}
    - target: {fileID: 766789918228526096, guid: f0cc92733c60fa04a8ae7021b395eb27,
        type: 3}
      propertyPath: m_LocalPosition.z
      value: 0
      objectReference: {fileID: 0}
    - target: {fileID: 766789918228526096, guid: f0cc92733c60fa04a8ae7021b395eb27,
        type: 3}
      propertyPath: m_LocalRotation.x
      value: -0
      objectReference: {fileID: 0}
    - target: {fileID: 766789918228526096, guid: f0cc92733c60fa04a8ae7021b395eb27,
        type: 3}
      propertyPath: m_LocalRotation.y
      value: -0
      objectReference: {fileID: 0}
    - target: {fileID: 766789918228526096, guid: f0cc92733c60fa04a8ae7021b395eb27,
        type: 3}
      propertyPath: m_LocalRotation.z
      value: -0
      objectReference: {fileID: 0}
    - target: {fileID: 766789918228526096, guid: f0cc92733c60fa04a8ae7021b395eb27,
        type: 3}
      propertyPath: m_LocalRotation.w
      value: 1
      objectReference: {fileID: 0}
    - target: {fileID: 766789918228526096, guid: f0cc92733c60fa04a8ae7021b395eb27,
        type: 3}
      propertyPath: m_RootOrder
      value: 0
      objectReference: {fileID: 0}
    - target: {fileID: 766789918228526096, guid: f0cc92733c60fa04a8ae7021b395eb27,
        type: 3}
      propertyPath: m_LocalEulerAnglesHint.x
      value: 0
      objectReference: {fileID: 0}
    - target: {fileID: 766789918228526096, guid: f0cc92733c60fa04a8ae7021b395eb27,
        type: 3}
      propertyPath: m_LocalEulerAnglesHint.y
      value: 0
      objectReference: {fileID: 0}
    - target: {fileID: 766789918228526096, guid: f0cc92733c60fa04a8ae7021b395eb27,
        type: 3}
      propertyPath: m_LocalEulerAnglesHint.z
      value: 0
      objectReference: {fileID: 0}
    - target: {fileID: 766789918228526096, guid: f0cc92733c60fa04a8ae7021b395eb27,
        type: 3}
      propertyPath: m_AnchoredPosition.x
      value: 368
      objectReference: {fileID: 0}
    - target: {fileID: 766789918228526096, guid: f0cc92733c60fa04a8ae7021b395eb27,
        type: 3}
      propertyPath: m_AnchoredPosition.y
      value: 0
      objectReference: {fileID: 0}
    - target: {fileID: 766789918228526096, guid: f0cc92733c60fa04a8ae7021b395eb27,
        type: 3}
      propertyPath: m_SizeDelta.x
      value: 363
      objectReference: {fileID: 0}
    - target: {fileID: 766789918228526096, guid: f0cc92733c60fa04a8ae7021b395eb27,
        type: 3}
      propertyPath: m_SizeDelta.y
      value: 0
      objectReference: {fileID: 0}
    - target: {fileID: 766789918228526096, guid: f0cc92733c60fa04a8ae7021b395eb27,
        type: 3}
      propertyPath: m_AnchorMin.x
      value: 0
      objectReference: {fileID: 0}
    - target: {fileID: 766789918228526096, guid: f0cc92733c60fa04a8ae7021b395eb27,
        type: 3}
      propertyPath: m_AnchorMin.y
      value: 0
      objectReference: {fileID: 0}
    - target: {fileID: 766789918228526096, guid: f0cc92733c60fa04a8ae7021b395eb27,
        type: 3}
      propertyPath: m_AnchorMax.x
      value: 0
      objectReference: {fileID: 0}
    - target: {fileID: 766789918228526096, guid: f0cc92733c60fa04a8ae7021b395eb27,
        type: 3}
      propertyPath: m_AnchorMax.y
      value: 0
      objectReference: {fileID: 0}
    - target: {fileID: 766789918228526096, guid: f0cc92733c60fa04a8ae7021b395eb27,
        type: 3}
      propertyPath: m_Pivot.x
      value: 1
      objectReference: {fileID: 0}
    - target: {fileID: 766789918228526096, guid: f0cc92733c60fa04a8ae7021b395eb27,
        type: 3}
      propertyPath: m_Pivot.y
      value: 1
      objectReference: {fileID: 0}
    - target: {fileID: 1022758311523434095, guid: f0cc92733c60fa04a8ae7021b395eb27,
        type: 3}
      propertyPath: m_FontData.m_Font
      value: 
      objectReference: {fileID: 10102, guid: 0000000000000000e000000000000000, type: 0}
    - target: {fileID: 1022758311523434095, guid: f0cc92733c60fa04a8ae7021b395eb27,
        type: 3}
      propertyPath: m_Text
      value: "\u041F\u043E\u0434\u0441\u043E\u0435\u0434\u0435\u043D\u043D\u044B\u0435
        \u043E\u0431\u044A\u0435\u043A\u0442\u044B \u0431\u0443\u0434\u0443\u0442
        \u0441\u0432\u043E\u0431\u043E\u0434\u043D\u043E \u0432\u0440\u0430\u0449\u0430\u0442\u044C\u0441\u044F
        \u043F\u043E \u043E\u0434\u043D\u043E\u0439 \u043E\u0441\u0438. \u0412\u044B
        \u043C\u043E\u0436\u0435\u0442\u0435 \u0437\u0430\u0441\u0442\u0430\u0432\u0438\u0442\u044C
        \u0438\u0445 \u0432\u0440\u0430\u0449\u0430\u0442\u044C\u0441\u044F \u043C\u0435\u043D\u0435\u0435
        \u0441\u0432\u043E\u0431\u043E\u0434\u043D\u043E, \u0443\u0432\u0435\u043B\u0438\u0447\u0438\u0432\u0430\u044F
        \u0441\u0438\u043B\u0443 \u0442\u0440\u0435\u043D\u0438\u044F."
      objectReference: {fileID: 0}
    - target: {fileID: 1022758311523434095, guid: f0cc92733c60fa04a8ae7021b395eb27,
        type: 3}
      propertyPath: m_FontData.m_FontSize
      value: 18
      objectReference: {fileID: 0}
    - target: {fileID: 1022758311523434095, guid: f0cc92733c60fa04a8ae7021b395eb27,
        type: 3}
      propertyPath: m_FontData.m_MinSize
      value: 0
      objectReference: {fileID: 0}
    m_RemovedComponents: []
  m_SourcePrefab: {fileID: 100100000, guid: f0cc92733c60fa04a8ae7021b395eb27, type: 3}
--- !u!224 &4108867130314982671 stripped
RectTransform:
  m_CorrespondingSourceObject: {fileID: 766789918228526096, guid: f0cc92733c60fa04a8ae7021b395eb27,
    type: 3}
  m_PrefabInstance: {fileID: 3720412807333196063}
  m_PrefabAsset: {fileID: 0}
--- !u!1001 &3720412808877026901
PrefabInstance:
  m_ObjectHideFlags: 0
  serializedVersion: 2
  m_Modification:
    m_TransformParent: {fileID: 3720412807323368157}
    m_Modifications:
    - target: {fileID: 8063673237374231445, guid: 7ae8fcc88272f47479b9dfc4415180f4,
        type: 3}
      propertyPath: m_Name
      value: Value
      objectReference: {fileID: 0}
    - target: {fileID: 2310701856827686797, guid: 7ae8fcc88272f47479b9dfc4415180f4,
        type: 3}
      propertyPath: m_LocalPosition.x
      value: 0
      objectReference: {fileID: 0}
    - target: {fileID: 2310701856827686797, guid: 7ae8fcc88272f47479b9dfc4415180f4,
        type: 3}
      propertyPath: m_LocalPosition.y
      value: 0
      objectReference: {fileID: 0}
    - target: {fileID: 2310701856827686797, guid: 7ae8fcc88272f47479b9dfc4415180f4,
        type: 3}
      propertyPath: m_LocalPosition.z
      value: 0
      objectReference: {fileID: 0}
    - target: {fileID: 2310701856827686797, guid: 7ae8fcc88272f47479b9dfc4415180f4,
        type: 3}
      propertyPath: m_LocalRotation.x
      value: -0
      objectReference: {fileID: 0}
    - target: {fileID: 2310701856827686797, guid: 7ae8fcc88272f47479b9dfc4415180f4,
        type: 3}
      propertyPath: m_LocalRotation.y
      value: -0
      objectReference: {fileID: 0}
    - target: {fileID: 2310701856827686797, guid: 7ae8fcc88272f47479b9dfc4415180f4,
        type: 3}
      propertyPath: m_LocalRotation.z
      value: -0
      objectReference: {fileID: 0}
    - target: {fileID: 2310701856827686797, guid: 7ae8fcc88272f47479b9dfc4415180f4,
        type: 3}
      propertyPath: m_LocalRotation.w
      value: 1
      objectReference: {fileID: 0}
    - target: {fileID: 2310701856827686797, guid: 7ae8fcc88272f47479b9dfc4415180f4,
        type: 3}
      propertyPath: m_RootOrder
      value: 1
      objectReference: {fileID: 0}
    - target: {fileID: 2310701856827686797, guid: 7ae8fcc88272f47479b9dfc4415180f4,
        type: 3}
      propertyPath: m_LocalEulerAnglesHint.x
      value: 0
      objectReference: {fileID: 0}
    - target: {fileID: 2310701856827686797, guid: 7ae8fcc88272f47479b9dfc4415180f4,
        type: 3}
      propertyPath: m_LocalEulerAnglesHint.y
      value: 0
      objectReference: {fileID: 0}
    - target: {fileID: 2310701856827686797, guid: 7ae8fcc88272f47479b9dfc4415180f4,
        type: 3}
      propertyPath: m_LocalEulerAnglesHint.z
      value: 0
      objectReference: {fileID: 0}
    - target: {fileID: 2310701856827686797, guid: 7ae8fcc88272f47479b9dfc4415180f4,
        type: 3}
      propertyPath: m_AnchoredPosition.x
      value: 186.5
      objectReference: {fileID: 0}
    - target: {fileID: 2310701856827686797, guid: 7ae8fcc88272f47479b9dfc4415180f4,
        type: 3}
      propertyPath: m_AnchoredPosition.y
      value: 0
      objectReference: {fileID: 0}
    - target: {fileID: 2310701856827686797, guid: 7ae8fcc88272f47479b9dfc4415180f4,
        type: 3}
      propertyPath: m_SizeDelta.x
      value: 363
      objectReference: {fileID: 0}
    - target: {fileID: 2310701856827686797, guid: 7ae8fcc88272f47479b9dfc4415180f4,
        type: 3}
      propertyPath: m_SizeDelta.y
      value: 0
      objectReference: {fileID: 0}
    - target: {fileID: 2310701856827686797, guid: 7ae8fcc88272f47479b9dfc4415180f4,
        type: 3}
      propertyPath: m_AnchorMin.x
      value: 0
      objectReference: {fileID: 0}
    - target: {fileID: 2310701856827686797, guid: 7ae8fcc88272f47479b9dfc4415180f4,
        type: 3}
      propertyPath: m_AnchorMin.y
      value: 0
      objectReference: {fileID: 0}
    - target: {fileID: 2310701856827686797, guid: 7ae8fcc88272f47479b9dfc4415180f4,
        type: 3}
      propertyPath: m_AnchorMax.x
      value: 0
      objectReference: {fileID: 0}
    - target: {fileID: 2310701856827686797, guid: 7ae8fcc88272f47479b9dfc4415180f4,
        type: 3}
      propertyPath: m_AnchorMax.y
      value: 0
      objectReference: {fileID: 0}
    - target: {fileID: 2310701856827686797, guid: 7ae8fcc88272f47479b9dfc4415180f4,
        type: 3}
      propertyPath: m_Pivot.x
      value: 0.5
      objectReference: {fileID: 0}
    - target: {fileID: 2310701856827686797, guid: 7ae8fcc88272f47479b9dfc4415180f4,
        type: 3}
      propertyPath: m_Pivot.y
      value: 0.5
      objectReference: {fileID: 0}
    - target: {fileID: 2113275770415002913, guid: 7ae8fcc88272f47479b9dfc4415180f4,
        type: 3}
      propertyPath: m_AnchorMin.y
      value: 0
      objectReference: {fileID: 0}
    - target: {fileID: 2113275770415002913, guid: 7ae8fcc88272f47479b9dfc4415180f4,
        type: 3}
      propertyPath: m_AnchorMax.y
      value: 0
      objectReference: {fileID: 0}
    - target: {fileID: 2113275770415002913, guid: 7ae8fcc88272f47479b9dfc4415180f4,
        type: 3}
      propertyPath: m_AnchoredPosition.x
      value: 0
      objectReference: {fileID: 0}
    - target: {fileID: 2113275770415002913, guid: 7ae8fcc88272f47479b9dfc4415180f4,
        type: 3}
      propertyPath: m_AnchoredPosition.y
      value: 0
      objectReference: {fileID: 0}
    - target: {fileID: 2113275770415002913, guid: 7ae8fcc88272f47479b9dfc4415180f4,
        type: 3}
      propertyPath: m_SizeDelta.x
      value: 0
      objectReference: {fileID: 0}
    - target: {fileID: 2113275770415002913, guid: 7ae8fcc88272f47479b9dfc4415180f4,
        type: 3}
      propertyPath: m_SizeDelta.y
      value: 0
      objectReference: {fileID: 0}
    - target: {fileID: 2113275770415002913, guid: 7ae8fcc88272f47479b9dfc4415180f4,
        type: 3}
      propertyPath: m_AnchorMin.x
      value: 0
      objectReference: {fileID: 0}
    - target: {fileID: 2113275770415002913, guid: 7ae8fcc88272f47479b9dfc4415180f4,
        type: 3}
      propertyPath: m_AnchorMax.x
      value: 0
      objectReference: {fileID: 0}
    - target: {fileID: 2113275770415002913, guid: 7ae8fcc88272f47479b9dfc4415180f4,
        type: 3}
      propertyPath: m_LocalScale.x
      value: 1
      objectReference: {fileID: 0}
    - target: {fileID: 5824917955997583834, guid: 7ae8fcc88272f47479b9dfc4415180f4,
        type: 3}
      propertyPath: m_AnchorMin.y
      value: 0
      objectReference: {fileID: 0}
    - target: {fileID: 5824917955997583834, guid: 7ae8fcc88272f47479b9dfc4415180f4,
        type: 3}
      propertyPath: m_AnchorMax.y
      value: 0
      objectReference: {fileID: 0}
    - target: {fileID: 5824917955997583834, guid: 7ae8fcc88272f47479b9dfc4415180f4,
        type: 3}
      propertyPath: m_AnchoredPosition.x
      value: 0
      objectReference: {fileID: 0}
    - target: {fileID: 5824917955997583834, guid: 7ae8fcc88272f47479b9dfc4415180f4,
        type: 3}
      propertyPath: m_AnchoredPosition.y
      value: 0
      objectReference: {fileID: 0}
    - target: {fileID: 5824917955997583834, guid: 7ae8fcc88272f47479b9dfc4415180f4,
        type: 3}
      propertyPath: m_SizeDelta.x
      value: 0
      objectReference: {fileID: 0}
    - target: {fileID: 5824917955997583834, guid: 7ae8fcc88272f47479b9dfc4415180f4,
        type: 3}
      propertyPath: m_SizeDelta.y
      value: 0
      objectReference: {fileID: 0}
    - target: {fileID: 3843408785095468816, guid: 7ae8fcc88272f47479b9dfc4415180f4,
        type: 3}
      propertyPath: m_FontData.m_Font
      value: 
      objectReference: {fileID: 10102, guid: 0000000000000000e000000000000000, type: 0}
    - target: {fileID: 3843408785095468816, guid: 7ae8fcc88272f47479b9dfc4415180f4,
        type: 3}
      propertyPath: m_FontData.m_FontSize
      value: 18
      objectReference: {fileID: 0}
    - target: {fileID: 3843408785095468816, guid: 7ae8fcc88272f47479b9dfc4415180f4,
        type: 3}
      propertyPath: m_FontData.m_MinSize
      value: 0
      objectReference: {fileID: 0}
    - target: {fileID: 3843408785095468816, guid: 7ae8fcc88272f47479b9dfc4415180f4,
        type: 3}
      propertyPath: m_FontData.m_AlignByGeometry
      value: 0
      objectReference: {fileID: 0}
    - target: {fileID: 5963366632081046270, guid: 7ae8fcc88272f47479b9dfc4415180f4,
        type: 3}
      propertyPath: m_FontData.m_Font
      value: 
      objectReference: {fileID: 10102, guid: 0000000000000000e000000000000000, type: 0}
    - target: {fileID: 5963366632081046270, guid: 7ae8fcc88272f47479b9dfc4415180f4,
        type: 3}
      propertyPath: m_FontData.m_FontSize
      value: 24
      objectReference: {fileID: 0}
    - target: {fileID: 5963366632081046270, guid: 7ae8fcc88272f47479b9dfc4415180f4,
        type: 3}
      propertyPath: m_FontData.m_FontStyle
      value: 1
      objectReference: {fileID: 0}
    - target: {fileID: 5963366632081046270, guid: 7ae8fcc88272f47479b9dfc4415180f4,
        type: 3}
      propertyPath: m_FontData.m_Alignment
      value: 6
      objectReference: {fileID: 0}
    - target: {fileID: 5963366632081046270, guid: 7ae8fcc88272f47479b9dfc4415180f4,
        type: 3}
      propertyPath: m_FontData.m_MaxSize
      value: 53
      objectReference: {fileID: 0}
    - target: {fileID: 5963366632081046270, guid: 7ae8fcc88272f47479b9dfc4415180f4,
        type: 3}
      propertyPath: m_FontData.m_HorizontalOverflow
      value: 0
      objectReference: {fileID: 0}
    - target: {fileID: 5963366632081046270, guid: 7ae8fcc88272f47479b9dfc4415180f4,
        type: 3}
      propertyPath: m_FontData.m_VerticalOverflow
      value: 0
      objectReference: {fileID: 0}
    - target: {fileID: 5963366632081046270, guid: 7ae8fcc88272f47479b9dfc4415180f4,
        type: 3}
      propertyPath: m_FontData.m_BestFit
      value: 0
      objectReference: {fileID: 0}
    - target: {fileID: 5963366632081046270, guid: 7ae8fcc88272f47479b9dfc4415180f4,
        type: 3}
      propertyPath: m_FontData.m_AlignByGeometry
      value: 0
      objectReference: {fileID: 0}
    - target: {fileID: 5963366632081046270, guid: 7ae8fcc88272f47479b9dfc4415180f4,
        type: 3}
      propertyPath: m_FontData.m_RichText
      value: 0
      objectReference: {fileID: 0}
    - target: {fileID: 7182875139635557603, guid: 7ae8fcc88272f47479b9dfc4415180f4,
        type: 3}
      propertyPath: m_ContentType
      value: 0
      objectReference: {fileID: 0}
    - target: {fileID: 7182875139635557603, guid: 7ae8fcc88272f47479b9dfc4415180f4,
        type: 3}
      propertyPath: m_KeyboardType
      value: 0
      objectReference: {fileID: 0}
    - target: {fileID: 7182875139635557603, guid: 7ae8fcc88272f47479b9dfc4415180f4,
        type: 3}
      propertyPath: m_CharacterValidation
      value: 0
      objectReference: {fileID: 0}
    - target: {fileID: 7182875139635557603, guid: 7ae8fcc88272f47479b9dfc4415180f4,
        type: 3}
      propertyPath: m_Text
      value: INT
      objectReference: {fileID: 0}
    - target: {fileID: 6065298788876616356, guid: 7ae8fcc88272f47479b9dfc4415180f4,
        type: 3}
      propertyPath: m_Sprite
      value: 
      objectReference: {fileID: 0}
    - target: {fileID: 6812564235478409796, guid: 7ae8fcc88272f47479b9dfc4415180f4,
        type: 3}
      propertyPath: m_ChildControlWidth
      value: 1
      objectReference: {fileID: 0}
    - target: {fileID: 6812564235478409796, guid: 7ae8fcc88272f47479b9dfc4415180f4,
        type: 3}
      propertyPath: m_Spacing
      value: 10
      objectReference: {fileID: 0}
    - target: {fileID: 6812564235478409796, guid: 7ae8fcc88272f47479b9dfc4415180f4,
        type: 3}
      propertyPath: m_ChildAlignment
      value: 0
      objectReference: {fileID: 0}
    - target: {fileID: 2785958333635892595, guid: 7ae8fcc88272f47479b9dfc4415180f4,
        type: 3}
      propertyPath: m_Enabled
      value: 1
      objectReference: {fileID: 0}
    - target: {fileID: 845682402448706525, guid: 7ae8fcc88272f47479b9dfc4415180f4,
        type: 3}
      propertyPath: m_Sprite
      value: 
      objectReference: {fileID: 0}
    - target: {fileID: 8041511203857954962, guid: 7ae8fcc88272f47479b9dfc4415180f4,
        type: 3}
      propertyPath: m_Text
      value: INT
      objectReference: {fileID: 0}
    m_RemovedComponents: []
  m_SourcePrefab: {fileID: 100100000, guid: 7ae8fcc88272f47479b9dfc4415180f4, type: 3}
--- !u!224 &1418858889195098584 stripped
RectTransform:
  m_CorrespondingSourceObject: {fileID: 2310701856827686797, guid: 7ae8fcc88272f47479b9dfc4415180f4,
    type: 3}
  m_PrefabInstance: {fileID: 3720412808877026901}
  m_PrefabAsset: {fileID: 0}
